{"doge_usd":[{"type":"bid","price":0.075,"amount":4.05771135,"tid":202623313,"timestamp":1656412338},{"type":"bid","price":0.075,"amount":17.01604678,"tid":202623312,"timestamp":1656412338},{"type":"bid","price":0.07450995,"amount":1.35181431,"tid":202623311,"timestamp":1656412335},{"type":"ask","price":0.07425165,"amount":1.42045047,"tid":202623310,"timestamp":1656409379},{"type":"bid","price":0.075,"amount":22.9872008,"tid":202623309,"timestamp":1656408336},{"type":"bid","price":0.075,"amount":15.76455751,"tid":202623308,"timestamp":1656408336},{"type":"bid","price":0.075,"amount":1.5676031,"tid":202623307,"timestamp":1656408335},{"type":"bid","price":0.07499925,"amount":9.99999999,"tid":202623306,"timestamp":1656408332},{"type":"bid","price":0.07499833,"amount":1.33629643,"tid":202623305,"timestamp":1656408331},{"type":"bid","price":0.07492755,"amount":1.34029686,"tid":202623304,"timestamp":1656408328},{"type":"ask","price":0.07389479,"amount":0.02326505,"tid":202623303,"timestamp":1656406536},{"type":"ask","price":0.07426426,"amount":1.35247404,"tid":202623302,"timestamp":1656406536},{"type":"bid","price":0.07499833,"amount":28,"tid":202623301,"timestamp":1656406450},{"type":"bid","price":0.07462334,"amount":1.34576072,"tid":202623300,"timestamp":1656406286},{"type":"bid","price":0.07462334,"amount":1.34596607,"tid":202623299,"timestamp":1656406212},{"type":"bid","price":0.07462334,"amount":1.40567591,"tid":202623298,"timestamp":1656406168},{"type":"ask","price":0.07425711,"amount":1.35926118,"tid":202623297,"timestamp":1656406053},{"type":"bid","price":0.07425696,"amount":1.3496378,"tid":202623296,"timestamp":1656405966},{"type":"ask","price":0.07389159,"amount":147.07335232,"tid":202623295,"timestamp":1656405779},{"type":"ask","price":0.07389159,"amount":9.90854156,"tid":202623294,"timestamp":1656405677},{"type":"bid","price":0.07389144,"amount":1.37573445,"tid":202623293,"timestamp":1656405320},{"type":"bid","price":0.07388567,"amount":1.37584184,"tid":202623292,"timestamp":1656403459},{"type":"bid","price":0.07388566,"amount":59.3189851,"tid":202623291,"timestamp":1656403459},{"type":"bid","price":0.07336938,"amount":308.50787704,"tid":202623290,"timestamp":1656402722},{"type":"bid","price":0.07336938,"amount":575.61391223,"tid":202623289,"timestamp":1656402722},{"type":"ask","price":0.07336938,"amount":1.36897005,"tid":202623288,"timestamp":1656402722},{"type":"ask","price":0.07336938,"amount":159.45824068,"tid":202623287,"timestamp":1656402722},{"type":"ask","price":0.07336629,"amount":0.63097229,"tid":202623286,"timestamp":1656400381},{"type":"ask","price":0.07336629,"amount":1.36902771,"tid":202623285,"timestamp":1656400381},{"type":"ask","price":0.0733663,"amount":59.3189851,"tid":202623284,"timestamp":1656399872},{"type":"ask","price":0.07300432,"amount":4,"tid":202623283,"timestamp":1656397988},{"type":"bid","price":0.07387862,"amount":1.37597318,"tid":202623282,"timestamp":1656397852},{"type":"bid","price":0.074,"amount":1.65123082,"tid":202623281,"timestamp":1656397661},{"type":"bid","price":0.07363,"amount":1.36412452,"tid":202623280,"timestamp":1656397421},{"type":"bid","price":0.07364926,"amount":1.36710616,"tid":202623279,"timestamp":1656397366},{"type":"ask","price":0.07279704,"amount":22.23961839,"tid":202623278,"timestamp":1656397268},{"type":"bid","price":0.07363,"amount":1.37970256,"tid":202623277,"timestamp":1656397070},{"type":"bid","price":0.07363,"amount":10,"tid":202623276,"timestamp":1656397017},{"type":"bid","price":0.07326185,"amount":1.38479304,"tid":202623275,"timestamp":1656396731},{"type":"bid","price":0.073206,"amount":1.38584951,"tid":202623274,"timestamp":1656396640},{"type":"bid","price":0.07303077,"amount":1726.30371207,"tid":202623273,"timestamp":1656396210},{"type":"bid","price":0.07303077,"amount":1.93644204,"tid":202623272,"timestamp":1656395936},{"type":"bid","price":0.07303077,"amount":2.12720729,"tid":202623271,"timestamp":1656395909},{"type":"bid","price":0.07303077,"amount":1.37531733,"tid":202623270,"timestamp":1656395011},{"type":"bid","price":0.07363,"amount":1.3657803,"tid":202623269,"timestamp":1656394521},{"type":"bid","price":0.07326185,"amount":1.3770289,"tid":202623268,"timestamp":1656394204},{"type":"bid","price":0.07326111,"amount":1.37363702,"tid":202623267,"timestamp":1656394034},{"type":"bid","price":0.07292924,"amount":1.39018315,"tid":202623266,"timestamp":1656393606},{"type":"bid","price":0.07367383,"amount":3,"tid":202623265,"timestamp":1656393273},{"type":"ask","price":0.07202908,"amount":1.4,"tid":202623264,"timestamp":1656393272},{"type":"bid","price":0.073,"amount":1.46848263,"tid":202623263,"timestamp":1656391695},{"type":"bid","price":0.073,"amount":1.67061388,"tid":202623262,"timestamp":1656391695},{"type":"bid","price":0.07299,"amount":1.56553464,"tid":202623261,"timestamp":1656391695},{"type":"bid","price":0.07299,"amount":2.98889043,"tid":202623260,"timestamp":1656391695},{"type":"bid","price":0.07299,"amount":1.56553464,"tid":202623259,"timestamp":1656391695},{"type":"bid","price":0.07299,"amount":1.56553464,"tid":202623258,"timestamp":1656391695},{"type":"bid","price":0.07299,"amount":1.56553478,"tid":202623257,"timestamp":1656391695},{"type":"bid","price":0.07299,"amount":5.9441808,"tid":202623256,"timestamp":1656391695},{"type":"bid","price":0.07298999,"amount":97.71320335,"tid":202623255,"timestamp":1656391695},{"type":"ask","price":0.07103239,"amount":11.96608172,"tid":202623254,"timestamp":1656387040},{"type":"bid","price":0.07298009,"amount":205.53342569,"tid":202623253,"timestamp":1656385535},{"type":"bid","price":0.07298024,"amount":432.9885411,"tid":202623252,"timestamp":1656385530},{"type":"ask","price":0.07198999,"amount":7.78277684,"tid":202623251,"timestamp":1656385337},{"type":"ask","price":0.07198999,"amount":96.14477202,"tid":202623250,"timestamp":1656385337},{"type":"ask","price":0.07198999,"amount":96.14477188,"tid":202623249,"timestamp":1656385337},{"type":"ask","price":0.07198999,"amount":96.53080604,"tid":202623248,"timestamp":1656385337},{"type":"ask","price":0.07198999,"amount":95.34840873,"tid":202623247,"timestamp":1656385283},{"type":"ask","price":0.07199001,"amount":97.71320335,"tid":202623246,"timestamp":1656385283},{"type":"bid","price":0.07198999,"amount":96.72425454,"tid":202623245,"timestamp":1656385269},{"type":"bid","price":0.07199,"amount":3.5029031,"tid":202623244,"timestamp":1656385267},{"type":"bid","price":0.07199,"amount":3.60526531,"tid":202623243,"timestamp":1656385267},{"type":"bid","price":0.07199,"amount":3.60526531,"tid":202623242,"timestamp":1656385267},{"type":"bid","price":0.07199,"amount":3.98277848,"tid":202623241,"timestamp":1656385267},{"type":"ask","price":0.07101,"amount":3.50290311,"tid":202623240,"timestamp":1656385264},{"type":"ask","price":0.07101,"amount":3.60526531,"tid":202623239,"timestamp":1656385264},{"type":"ask","price":0.07101,"amount":3.60526531,"tid":202623238,"timestamp":1656385264},{"type":"ask","price":0.07101,"amount":3.98277848,"tid":202623237,"timestamp":1656385264},{"type":"ask","price":0.07160841,"amount":1.39955629,"tid":202623236,"timestamp":1656385264},{"type":"ask","price":0.072,"amount":1.46848263,"tid":202623235,"timestamp":1656385264},{"type":"ask","price":0.072,"amount":1.67061388,"tid":202623234,"timestamp":1656385264},{"type":"ask","price":0.07201,"amount":1.56553464,"tid":202623233,"timestamp":1656385264},{"type":"ask","price":0.07201,"amount":2.98889043,"tid":202623232,"timestamp":1656385264},{"type":"ask","price":0.07201,"amount":1.56553464,"tid":202623231,"timestamp":1656385264},{"type":"ask","price":0.07201,"amount":1.56553464,"tid":202623230,"timestamp":1656385264},{"type":"ask","price":0.07201,"amount":1.56553478,"tid":202623229,"timestamp":1656385264},{"type":"ask","price":0.07201,"amount":5.9441808,"tid":202623228,"timestamp":1656385264},{"type":"ask","price":0.07216459,"amount":1.39450904,"tid":202623227,"timestamp":1656383797},{"type":"ask","price":0.07239792,"amount":1.3934611,"tid":202623226,"timestamp":1656383067},{"type":"bid","price":0.0723908,"amount":34.39154436,"tid":202623225,"timestamp":1656382507},{"type":"bid","price":0.0723908,"amount":19.45894755,"tid":202623224,"timestamp":1656382502},{"type":"bid","price":0.0723908,"amount":10.16732112,"tid":202623223,"timestamp":1656382499},{"type":"bid","price":0.0723908,"amount":19.06245615,"tid":202623222,"timestamp":1656382499},{"type":"bid","price":0.0723908,"amount":994.46446046,"tid":202623221,"timestamp":1656382499},{"type":"bid","price":0.0723908,"amount":58.13021992,"tid":202623220,"timestamp":1656382495},{"type":"bid","price":0.0723908,"amount":147.15857745,"tid":202623219,"timestamp":1656382493},{"type":"bid","price":0.0723908,"amount":47.83529315,"tid":202623218,"timestamp":1656382493},{"type":"bid","price":0.0723908,"amount":102.22925883,"tid":202623217,"timestamp":1656382491},{"type":"bid","price":0.07239152,"amount":27.53364872,"tid":202623216,"timestamp":1656382483},{"type":"bid","price":0.07239152,"amount":2.03482023,"tid":202623215,"timestamp":1656382481},{"type":"bid","price":0.07239152,"amount":96.88369989,"tid":202623214,"timestamp":1656382480},{"type":"ask","price":0.0725,"amount":4.05771144,"tid":202623213,"timestamp":1656382477},{"type":"ask","price":0.0725,"amount":40.00324758,"tid":202623212,"timestamp":1656382477},{"type":"ask","price":0.0725,"amount":15.76455751,"tid":202623211,"timestamp":1656382477},{"type":"ask","price":0.0725363,"amount":1.38165305,"tid":202623210,"timestamp":1656382477},{"type":"bid","price":0.07285429,"amount":168.96165192,"tid":202623209,"timestamp":1656382441},{"type":"ask","price":0.073,"amount":1.65123082,"tid":202623208,"timestamp":1656382441},{"type":"bid","price":0.07495677,"amount":22.06316332,"tid":202623207,"timestamp":1656380600},{"type":"ask","price":0.074,"amount":1.5676031,"tid":202623206,"timestamp":1656379721},{"type":"ask","price":0.07400001,"amount":12.79786161,"tid":202623205,"timestamp":1656379720},{"type":"ask","price":0.07474186,"amount":1.3408818,"tid":202623204,"timestamp":1656379451},{"type":"ask","price":0.07511557,"amount":1.337146,"tid":202623203,"timestamp":1656379360},{"type":"bid","price":0.07592273,"amount":12.45863006,"tid":202623202,"timestamp":1656377686},{"type":"ask","price":0.07400001,"amount":1.41790782,"tid":202623201,"timestamp":1656375357},{"type":"bid","price":0.07592588,"amount":1.31728697,"tid":202623200,"timestamp":1656370053},{"type":"ask","price":0.07586865,"amount":1.32529,"tid":202623199,"timestamp":1656369975},{"type":"ask","price":0.07586862,"amount":1.32928415,"tid":202623198,"timestamp":1656367687},{"type":"bid","price":0.07584992,"amount":1.32757224,"tid":202623197,"timestamp":1656367282},{"type":"bid","price":0.07586431,"amount":1.32096777,"tid":202623196,"timestamp":1656366924},{"type":"ask","price":0.07400001,"amount":82.32577209,"tid":202623195,"timestamp":1656365657},{"type":"ask","price":0.07513215,"amount":1.33685092,"tid":202623194,"timestamp":1656365657},{"type":"bid","price":0.07599438,"amount":384.35845,"tid":202623193,"timestamp":1656362877},{"type":"bid","price":0.07593271,"amount":18.967315,"tid":202623192,"timestamp":1656361688},{"type":"bid","price":0.07591016,"amount":255.2467615,"tid":202623191,"timestamp":1656361505},{"type":"bid","price":0.07591016,"amount":14.54578382,"tid":202623190,"timestamp":1656361284},{"type":"bid","price":0.07591031,"amount":3.10779484,"tid":202623189,"timestamp":1656361267},{"type":"bid","price":0.07591031,"amount":32.88544804,"tid":202623188,"timestamp":1656361265},{"type":"bid","price":0.07574684,"amount":1.32970696,"tid":202623187,"timestamp":1656361265},{"type":"bid","price":0.07549053,"amount":1.33594178,"tid":202623186,"timestamp":1656360655},{"type":"bid","price":0.07547883,"amount":1.4,"tid":202623185,"timestamp":1656360121},{"type":"ask","price":0.07428256,"amount":1.5,"tid":202623184,"timestamp":1656359425},{"type":"bid","price":0.07536753,"amount":1.33677534,"tid":202623183,"timestamp":1656355292},{"type":"bid","price":0.075,"amount":1.55290093,"tid":202623182,"timestamp":1656354380},{"type":"bid","price":0.07499999,"amount":97.1195568,"tid":202623181,"timestamp":1656354380},{"type":"ask","price":0.07396797,"amount":18.66494254,"tid":202623180,"timestamp":1656353313},{"type":"ask","price":0.074,"amount":1.55290094,"tid":202623179,"timestamp":1656353313},{"type":"ask","price":0.0740387,"amount":801.89518608,"tid":202623178,"timestamp":1656353313},{"type":"ask","price":0.07485462,"amount":2.67184577,"tid":202623177,"timestamp":1656353226},{"type":"ask","price":0.07485564,"amount":20.84274368,"tid":202623176,"timestamp":1656353226},{"type":"bid","price":0.07573754,"amount":5.17664101,"tid":202623175,"timestamp":1656352931},{"type":"ask","price":0.07485564,"amount":55.64690919,"tid":202623174,"timestamp":1656352818},{"type":"ask","price":0.07485565,"amount":92.35309081,"tid":202623173,"timestamp":1656352817},{"type":"bid","price":0.0757409,"amount":46.50113705,"tid":202623172,"timestamp":1656352743},{"type":"ask","price":0.07485559,"amount":47.09748717,"tid":202623171,"timestamp":1656352729},{"type":"bid","price":0.07565176,"amount":91.75676502,"tid":202623170,"timestamp":1656350283},{"type":"bid","price":0.07541586,"amount":45.86647516,"tid":202623169,"timestamp":1656347784},{"type":"ask","price":0.0740387,"amount":41.96135659,"tid":202623168,"timestamp":1656347750},{"type":"ask","price":0.0740396,"amount":106.03864341,"tid":202623167,"timestamp":1656347750},{"type":"ask","price":0.0740396,"amount":148,"tid":202623166,"timestamp":1656347728},{"type":"ask","price":0.0740396,"amount":148,"tid":202623165,"timestamp":1656347719},{"type":"ask","price":0.0740396,"amount":148,"tid":202623164,"timestamp":1656347713}]}